<?xml version="1.0" encoding="UTF-8"?><record xmlns="http://www.loc.gov/MARC21/slim" xmlns:cinclude="http://apache.org/cocoon/include/1.0" xmlns:zs="http://www.loc.gov/zing/srw/">
  <leader>00456nz  a2200133n  4500</leader>
  <controlfield tag="001">no2001035789</controlfield>
  <controlfield tag="003">DLC</controlfield>
  <controlfield tag="005">20010504071058.0</controlfield>
  <controlfield tag="008">010503n| acannaabn          |n ana     c</controlfield>
  <datafield tag="010" ind1=" " ind2=" ">
    <subfield code="a">no2001035789</subfield>
  </datafield>
  <datafield tag="035" ind1=" " ind2=" ">
    <subfield code="a">(OCoLC)oca05479348</subfield>
  </datafield>
  <datafield tag="040" ind1=" " ind2=" ">
    <subfield code="a">NcD</subfield>
    <subfield code="b">eng</subfield>
    <subfield code="c">NcD</subfield>
  </datafield>
  <datafield tag="110" ind1="2" ind2=" ">
    <subfield code="a">African American Dance Ensemble</subfield>
  </datafield>
  <datafield tag="670" ind1=" " ind2=" ">
    <subfield code="a">African American Dance Ensemble in performance at the American Dance Festival June 14, 15 &amp; 16, 1999:</subfield>
    <subfield code="b">title frame (African American Dance Ensemble)</subfield>
  </datafield>
</record>